@inproceedings{moddern,
  title={Quantum finite automata: A modern introduction},
  author={A. C. Cem Say and Abuzer Yakaryılmaz},
  booktitle={Computing with New Resources. Lecture Notes in Computer Science, vol 8808.},
  year={2014}
}

@inproceedings{1way,
  title={One-Way Finite Automata with Quantum and Classical States},
  author={Zheng S., Qiu D., Li L., Gruska J.},
  booktitle={Languages Alive. Lecture Notes in Computer Science, vol 7300.},
  year={2012}
}

@inproceedings{promise,
  title={Superiority of exact quantum automata for promise problems},
  author={Andris Ambainis and Abuzer Yakaryılmaz},
  booktitle={Information Processing Letters, 112(7)},
  pages={289--291}
  year={2012}
}